@misc{Genre,
  author = {Samson, Jim},
  title = {In Grove Music Online. Oxford Music Online},
  year = 2012,
  url = {https://doi.org/10.1093/gmo/9781561592630.article.40599},
  note = "Online; accessed 4-March-2012",
}

@article{1021072,
    author={G. {Tzanetakis} and P. {Cook}},
    journal={IEEE Transactions on Speech and Audio Processing}, 
    title={Musical genre classification of audio signals},
    year={2002},
    volume={10},
    number={5},
    pages={293-302},
    doi={10.1109/TSA.2002.800560}
}

@INPROCEEDINGS{1285840,
    author={ {Tao Li} and G. {Tzanetakis}},
    booktitle={2003 IEEE Workshop on Applications of Signal Processing to Audio and Acoustics (IEEE Cat. No.03TH8684)}, 
    title={Factors in automatic musical genre classification of audio signals}, 
    year={2003},
    volume={},
    number={},
    pages={143-146},
    doi={10.1109/ASPAA.2003.1285840}
}

@article{ROUSSEEUW198753,
title = {Silhouettes: A graphical aid to the interpretation and validation of cluster analysis},
journal = {Journal of Computational and Applied Mathematics},
volume = {20},
pages = {53-65},
year = {1987},
issn = {0377-0427},
doi = {https://doi.org/10.1016/0377-0427(87)90125-7},
url = {https://www.sciencedirect.com/science/article/pii/0377042787901257},
author = {Peter J. Rousseeuw}
}

@book{rmse,
  title={Music similarity and retrieval: an introduction to audio-and web-based strategies},
  author={Knees, Peter and Schedl, Markus},
  volume={36},
  year={2016},
  publisher={Springer},
  pages = "47"
}

@book{Lerch:1540227,
    author        = "Lerch, Alexander",
    title         = "{An introduction to audio content analysis: applications
                   in signal processing and music informatics}",
    publisher     = "Wiley-IEEE Press",
    address       = "Hoboken NJ",
    year          = "2012",
    url           = "https://cds.cern.ch/record/1540227",
}

@INPROCEEDINGS{1035731,
  author={ {Dan-Ning Jiang} and  {Lie Lu} and  {Hong-Jiang Zhang} and  {Jian-Hua Tao} and  {Lian-Hong Cai}},
  booktitle={Proceedings. IEEE International Conference on Multimedia and Expo}, 
  title={Music type classification by spectral contrast feature}, 
  year={2002},
  volume={1},
  number={},
  pages={113-116 vol.1},
  doi={10.1109/ICME.2002.1035731}}
  
@book{mfccs,
  title={Speech Recognition Using Articulatory and Excitation Source Features},
  author={Rao, K.Sreenivasa, K E Manjunath},
  year={2017},
  publisher={Springer International Publishing},
  pages = {85-88}
}

@book{cens,
  title={Fundamentals of Music Processing},
  author={Meinard MÃ¼ller},
  year={2015},
  publisher={Springer International Publishing},
  pages = {371-376}
}

@article{costant_q,
author = {Brown, Judith},
year = {1991},
month = {01},
pages = {425-},
title = {Calculation of a Constant Q Spectral Transform},
volume = {89},
journal = {Journal of the Acoustical Society of America},
doi = {10.1121/1.400476}
}

@book{Data_Mining_2013,
  author = {Pang-Ning Tan, Michael Steinbach, Vipin Kumar},
  keywords = {general_machine_learning},
  publisher = {Pearson},
  title = {Introduction to Data Mining},
  pages = {300-301},
  year = 2013
}

@book{murphy2012machine,
   title =     {Machine Learning: A Probabilistic Perspective},
   author =    {Kevin P. Murphy},
   publisher = {The MIT Press},
   isbn =      {0262018020,9780262018029},
   year =      {2012},
   series =    {Adaptive Computation and Machine Learning},
   edition =   {1}
}